<?xml version="1.0" encoding="UTF-8"?><collection xmlns="http://www.loc.gov/MARC21/slim"><record><leader>00639nam--2200181-i-4500</leader><controlfield tag="001">000019904</controlfield><controlfield tag="002">20161230</controlfield><controlfield tag="005">20161230201033</controlfield><controlfield tag="008">060222s1000------------r-----000-0-fre-d</controlfield><datafield ind1=" " ind2=" " tag="040"><subfield code="a">IFIN-HH</subfield></datafield><datafield ind1=" " ind2=" " tag="041"><subfield code="a">fre</subfield></datafield><datafield ind1=" " ind2=" " tag="080"><subfield code="a">539.1:524.1:533.9(043)</subfield></datafield><datafield ind1="1" ind2=" " tag="100"><subfield code="a">Fleurier, Claude</subfield></datafield><datafield ind1="1" ind2="0" tag="245"><subfield code="a">Etude du profil stark d`un certain nombre de raies d`intreres astrophysique: - raies ioniques de mg 11,ca 11,sr 11,ba 11, al 11- raie 4471 a de he 1 (influence de la masse des ions perturbateurs)</subfield><subfield code="b">These</subfield><subfield code="c">Claude fleurier</subfield></datafield><datafield ind1=" " ind2=" " tag="260"><subfield code="a">Orleans</subfield><subfield code="b">Universite Dorleans</subfield><subfield code="c">1978</subfield></datafield><datafield ind1=" " ind2=" " tag="300"><subfield code="a">258 P</subfield></datafield><datafield ind1=" " ind2=" " tag="852"><subfield code="a">48450</subfield><subfield code="c">539</subfield></datafield><datafield ind1=" " ind2=" " tag="CAT"><subfield code="a">Sys</subfield><subfield code="c">20111012</subfield><subfield code="h">120631</subfield></datafield></record></collection>